[gd_scene load_steps=12 format=2]

[ext_resource path="res://assets/enemies/g2/G2 - XXL.png" type="Texture" id=1]
[ext_resource path="res://game/enemies/EnemyBandit.tscn" type="PackedScene" id=2]
[ext_resource path="res://game/enemies/ShootPosition.gd" type="Script" id=3]
[ext_resource path="res://game/enemies/group2/OrbitalG2.tscn" type="PackedScene" id=4]

[sub_resource type="CapsuleShape2D" id=1]
radius = 47.0456
height = 32.9807

[sub_resource type="CapsuleShape2D" id=2]
radius = 15.8641
height = 66.8349

[sub_resource type="Gradient" id=3]
offsets = PoolRealArray( 0, 0.995516 )
colors = PoolColorArray( 1, 1, 1, 0.705882, 0, 0, 0, 0.188235 )

[sub_resource type="GradientTexture" id=4]
gradient = SubResource( 3 )

[sub_resource type="Curve" id=5]
_data = [ Vector2( 0, 1 ), 0.0, -0.836319, 0, 0, Vector2( 1, 0 ), -1.09339, 0.0, 0, 0 ]

[sub_resource type="CurveTexture" id=6]
curve = SubResource( 5 )

[sub_resource type="ParticlesMaterial" id=7]
resource_local_to_scene = true
flag_disable_z = true
direction = Vector3( 0, 100, 0 )
spread = 0.0
gravity = Vector3( 0, 0, 0 )
initial_velocity = 400.0
orbit_velocity = 0.0
orbit_velocity_random = 0.0
scale_curve = SubResource( 6 )
color_ramp = SubResource( 4 )

[node name="BigBanditG2Minionated" instance=ExtResource( 2 )]
hitpoints = 90.0
scrap_chance = 0.25
bullet_speed = 340
shooting_rate = 1.4
indestructible_bullets = [ NodePath("ShootPositions/ShootPosition") ]
has_orbitals = true

[node name="Sprite" parent="." index="0"]
texture = ExtResource( 1 )

[node name="DamageCollider" parent="." index="1"]
position = Vector2( 0, 7.57265 )
rotation = 1.5708
shape = SubResource( 1 )

[node name="DamageCollider2" type="CollisionShape2D" parent="." index="2" groups=[
"damage_collider",
]]
position = Vector2( -71.7173, -22.7179 )
rotation = 2.51086
shape = SubResource( 2 )

[node name="DamageCollider3" type="CollisionShape2D" parent="." index="3" groups=[
"damage_collider",
]]
position = Vector2( 70.381, -18.7089 )
rotation = -2.51327
shape = SubResource( 2 )

[node name="ShootPosition" parent="ShootPositions" index="0"]
position = Vector2( 0, 41.4268 )
bullet_quantity = 5
angle_separation = 50.0

[node name="ShootPosition2" type="Position2D" parent="ShootPositions" index="1"]
position = Vector2( -41.4268, 37.8632 )
script = ExtResource( 3 )
bullet_quantity = 2
angle_separation = 30.0

[node name="ShootPosition3" type="Position2D" parent="ShootPositions" index="2"]
position = Vector2( 41.8723, 37.8632 )
script = ExtResource( 3 )
bullet_quantity = 2
angle_separation = 30.0

[node name="Motor" parent="." index="13"]
process_material = SubResource( 7 )

[node name="OrbitalG2" parent="." index="16" instance=ExtResource( 4 )]
speed = 3.0
distance = 130

[node name="OrbitalG3" parent="." index="17" instance=ExtResource( 4 )]
speed = 3.0
angle = 60.0
distance = 130

[node name="OrbitalG4" parent="." index="18" instance=ExtResource( 4 )]
speed = 3.0
angle = 120.0
distance = 130

[node name="OrbitalG5" parent="." index="19" instance=ExtResource( 4 )]
speed = 3.0
angle = 180.0
distance = 130

[editable path="ExplosionFire2"]
