[gd_scene load_steps=19 format=2]

[ext_resource path="res://assets/themes/test_button_hover_theme.tres" type="StyleBox" id=1]
[ext_resource path="res://game/ui/buttons/MenuButton.tscn" type="PackedScene" id=2]
[ext_resource path="res://assets/backgrounds/screen_shading.png" type="Texture" id=3]
[ext_resource path="res://assets/themes/test_button_normal_theme.tres" type="StyleBox" id=5]
[ext_resource path="res://assets/fonts/ethnocentric rg.ttf" type="DynamicFontData" id=6]
[ext_resource path="res://assets/ui/menu/video/menu_video.ogv" type="VideoStream" id=7]
[ext_resource path="res://game/ui/menus/Menu.gd" type="Script" id=8]
[ext_resource path="res://assets/ui/menu/menu_lateral.png" type="Texture" id=9]
[ext_resource path="res://assets/ui/menu/video/0119.jpg" type="Texture" id=119]

[sub_resource type="DynamicFont" id=1]
size = 24
use_filter = true
font_data = ExtResource( 6 )

[sub_resource type="DynamicFontData" id=2]
font_path = "res://assets/fonts/ethnocentric rg.ttf"

[sub_resource type="DynamicFont" id=3]
use_filter = true
font_data = SubResource( 2 )

[sub_resource type="DynamicFontData" id=4]
font_path = "res://assets/fonts/ethnocentric rg.ttf"

[sub_resource type="DynamicFont" id=5]
size = 110
outline_size = 4
outline_color = Color( 0.131149, 0.716458, 0.746094, 1 )
use_filter = true
extra_spacing_char = 3
font_data = SubResource( 4 )

[sub_resource type="Theme" id=6]
default_font = SubResource( 5 )
Button/colors/font_color = Color( 1, 1, 1, 1 )
Button/colors/font_color_disabled = Color( 0.9, 0.9, 0.9, 0.2 )
Button/colors/font_color_hover = Color( 0.94, 0.94, 0.94, 1 )
Button/colors/font_color_pressed = Color( 1, 1, 1, 1 )
Button/constants/hseparation = 2
Button/fonts/font = SubResource( 1 )
Button/styles/disabled = null
Button/styles/focus = null
Button/styles/hover = ExtResource( 1 )
Button/styles/normal = ExtResource( 5 )
Button/styles/pressed = null
Label/colors/font_color = Color( 1, 1, 1, 1 )
Label/colors/font_color_shadow = Color( 0, 0, 0, 0 )
Label/colors/font_outline_modulate = Color( 1, 1, 1, 1 )
Label/constants/line_spacing = 3
Label/constants/shadow_as_outline = 0
Label/constants/shadow_offset_x = 1
Label/constants/shadow_offset_y = 1
Label/fonts/font = SubResource( 3 )
Label/styles/normal = null

[sub_resource type="Theme" id=7]
default_font = SubResource( 5 )
Button/colors/font_color = Color( 1, 1, 1, 1 )
Button/colors/font_color_disabled = Color( 0.9, 0.9, 0.9, 0.2 )
Button/colors/font_color_hover = Color( 0.94, 0.94, 0.94, 1 )
Button/colors/font_color_pressed = Color( 1, 1, 1, 1 )
Button/constants/hseparation = 2
Button/fonts/font = SubResource( 1 )
Button/styles/disabled = null
Button/styles/focus = null
Button/styles/hover = ExtResource( 1 )
Button/styles/normal = ExtResource( 5 )
Button/styles/pressed = null
Label/colors/font_color = Color( 1, 1, 1, 1 )
Label/colors/font_color_shadow = Color( 0, 0, 0, 0 )
Label/colors/font_outline_modulate = Color( 1, 1, 1, 1 )
Label/constants/line_spacing = 3
Label/constants/shadow_as_outline = 0
Label/constants/shadow_offset_x = 1
Label/constants/shadow_offset_y = 1
Label/fonts/font = null
Label/styles/normal = null

[sub_resource type="Animation" id=8]
resource_name = "init"
tracks/0/type = "value"
tracks/0/path = NodePath("TextureShading:visible")
tracks/0/interp = 1
tracks/0/loop_wrap = true
tracks/0/imported = false
tracks/0/enabled = true
tracks/0/keys = {
"times": PoolRealArray( 0 ),
"transitions": PoolRealArray( 1 ),
"update": 1,
"values": [ false ]
}
tracks/1/type = "value"
tracks/1/path = NodePath("TextureRect:visible")
tracks/1/interp = 1
tracks/1/loop_wrap = true
tracks/1/imported = false
tracks/1/enabled = true
tracks/1/keys = {
"times": PoolRealArray( 0 ),
"transitions": PoolRealArray( 1 ),
"update": 1,
"values": [ false ]
}
tracks/2/type = "value"
tracks/2/path = NodePath("Control:rect_position")
tracks/2/interp = 1
tracks/2/loop_wrap = true
tracks/2/imported = false
tracks/2/enabled = true
tracks/2/keys = {
"times": PoolRealArray( 0 ),
"transitions": PoolRealArray( 1 ),
"update": 0,
"values": [ Vector2( 500, 0 ) ]
}
tracks/3/type = "value"
tracks/3/path = NodePath("Version:visible")
tracks/3/interp = 1
tracks/3/loop_wrap = true
tracks/3/imported = false
tracks/3/enabled = true
tracks/3/keys = {
"times": PoolRealArray( 0 ),
"transitions": PoolRealArray( 1 ),
"update": 1,
"values": [ false ]
}
tracks/4/type = "value"
tracks/4/path = NodePath("Title:visible")
tracks/4/interp = 1
tracks/4/loop_wrap = true
tracks/4/imported = false
tracks/4/enabled = true
tracks/4/keys = {
"times": PoolRealArray( 0 ),
"transitions": PoolRealArray( 1 ),
"update": 1,
"values": [ false ]
}
tracks/5/type = "value"
tracks/5/path = NodePath("Title:modulate")
tracks/5/interp = 1
tracks/5/loop_wrap = true
tracks/5/imported = false
tracks/5/enabled = true
tracks/5/keys = {
"times": PoolRealArray( 0 ),
"transitions": PoolRealArray( 1 ),
"update": 0,
"values": [ Color( 0, 0, 0, 1 ) ]
}

[sub_resource type="Animation" id=9]
resource_name = "playMenu"
tracks/0/type = "value"
tracks/0/path = NodePath("Title:visible")
tracks/0/interp = 1
tracks/0/loop_wrap = true
tracks/0/imported = false
tracks/0/enabled = true
tracks/0/keys = {
"times": PoolRealArray( 0 ),
"transitions": PoolRealArray( 1 ),
"update": 1,
"values": [ true ]
}
tracks/1/type = "value"
tracks/1/path = NodePath("Title:modulate")
tracks/1/interp = 1
tracks/1/loop_wrap = true
tracks/1/imported = false
tracks/1/enabled = true
tracks/1/keys = {
"times": PoolRealArray( 0, 0.1, 0.3, 0.4, 0.5, 0.8, 0.9, 1 ),
"transitions": PoolRealArray( 1, 1, 1, 1, 1, 1, 1, 1 ),
"update": 0,
"values": [ Color( 0, 0, 0, 0 ), Color( 0.239216, 0.239216, 0.239216, 1 ), Color( 0.0745098, 0.0745098, 0.0745098, 0.317647 ), Color( 0.619608, 0.619608, 0.619608, 1 ), Color( 0.25098, 0.25098, 0.25098, 1 ), Color( 1, 1, 1, 1 ), Color( 0.854902, 0.854902, 0.854902, 0.933333 ), Color( 1, 1, 1, 1 ) ]
}
tracks/2/type = "value"
tracks/2/path = NodePath("Control:rect_position")
tracks/2/interp = 1
tracks/2/loop_wrap = true
tracks/2/imported = false
tracks/2/enabled = true
tracks/2/keys = {
"times": PoolRealArray( 0.4, 1 ),
"transitions": PoolRealArray( 1, 1 ),
"update": 0,
"values": [ Vector2( 500, 0 ), Vector2( 0, 0 ) ]
}
tracks/3/type = "value"
tracks/3/path = NodePath("Version:visible")
tracks/3/interp = 1
tracks/3/loop_wrap = true
tracks/3/imported = false
tracks/3/enabled = true
tracks/3/keys = {
"times": PoolRealArray( 0, 1 ),
"transitions": PoolRealArray( 1, 1 ),
"update": 1,
"values": [ false, true ]
}
tracks/4/type = "value"
tracks/4/path = NodePath("TextureRect:visible")
tracks/4/interp = 1
tracks/4/loop_wrap = true
tracks/4/imported = false
tracks/4/enabled = true
tracks/4/keys = {
"times": PoolRealArray( 0 ),
"transitions": PoolRealArray( 1 ),
"update": 1,
"values": [ true ]
}
tracks/5/type = "value"
tracks/5/path = NodePath("TextureShading:visible")
tracks/5/interp = 1
tracks/5/loop_wrap = true
tracks/5/imported = false
tracks/5/enabled = true
tracks/5/keys = {
"times": PoolRealArray( 1 ),
"transitions": PoolRealArray( 1 ),
"update": 1,
"values": [ true ]
}

[node name="Menu" type="Control"]
anchor_right = 1.0
anchor_bottom = 1.0
margin_left = 3.19995
margin_right = 3.19995
script = ExtResource( 8 )
__meta__ = {
"_edit_use_anchors_": false
}

[node name="VideoPlayer" type="VideoPlayer" parent="."]
anchor_right = 1.0
anchor_bottom = 1.0
stream = ExtResource( 7 )
__meta__ = {
"_edit_use_anchors_": false
}

[node name="TextureRect" type="TextureRect" parent="."]
visible = false
anchor_right = 1.0
anchor_bottom = 1.0
texture = ExtResource( 119 )
__meta__ = {
"_edit_use_anchors_": false
}

[node name="TextureShading" type="TextureRect" parent="."]
visible = false
anchor_right = 1.0
anchor_bottom = 1.0
texture = ExtResource( 3 )
__meta__ = {
"_edit_use_anchors_": false
}

[node name="Control" type="Control" parent="."]
margin_left = 500.0
margin_right = 540.0
margin_bottom = 40.0
__meta__ = {
"_edit_use_anchors_": false
}

[node name="TextureRect" type="TextureRect" parent="Control"]
margin_left = 1420.0
margin_top = 270.0
margin_right = 1919.0
margin_bottom = 1026.0
texture = ExtResource( 9 )
__meta__ = {
"_edit_use_anchors_": false
}

[node name="VBoxContainer" type="VBoxContainer" parent="Control"]
anchor_right = 1.0
anchor_bottom = 1.0
margin_left = 1447.0
margin_top = 338.0
margin_right = 1807.0
margin_bottom = 918.0
__meta__ = {
"_edit_use_anchors_": false
}

[node name="BtnNewGame" parent="Control/VBoxContainer" instance=ExtResource( 2 )]
go_to_scene = "res://game/ui/menus/ShipOrderSelection.tscn"

[node name="BtnLoadGame" parent="Control/VBoxContainer" instance=ExtResource( 2 )]
margin_top = 104.0
margin_bottom = 204.0
text = "Load Game     "
go_to_scene = "res://game/levels/GameLevelTwo.tscn"

[node name="BtnOptions" parent="Control/VBoxContainer" instance=ExtResource( 2 )]
margin_top = 208.0
margin_bottom = 308.0
text = "Options        "
go_to_scene = "res://game/ui/menus/OptionsMenu.tscn"

[node name="BtnLeaderboard" parent="Control/VBoxContainer" instance=ExtResource( 2 )]
margin_top = 312.0
margin_bottom = 412.0
disabled = true
text = "Leaderboard  "

[node name="BtnCredits" parent="Control/VBoxContainer" instance=ExtResource( 2 )]
margin_top = 416.0
margin_bottom = 516.0
text = "Credits         "
go_to_scene = "res://game/ui/menus/Credits.tscn"

[node name="BtnExitGame" parent="Control/VBoxContainer" instance=ExtResource( 2 )]
margin_top = 520.0
margin_bottom = 620.0
text = "Exit Game      "
is_quitter = true

[node name="Version" type="Label" parent="."]
visible = false
margin_left = 1705.74
margin_top = 1042.51
margin_right = 1915.74
margin_bottom = 1070.51
theme = SubResource( 6 )
text = "Version: 0.4.0"
__meta__ = {
"_edit_use_anchors_": false
}

[node name="Title" type="Label" parent="."]
visible = false
modulate = Color( 0, 0, 0, 1 )
margin_left = 113.0
margin_top = 82.4801
margin_right = 1197.0
margin_bottom = 216.48
theme = SubResource( 7 )
custom_colors/font_outline_modulate = Color( 0.231373, 0.913725, 1, 1 )
text = "Bullet Rain"
__meta__ = {
"_edit_use_anchors_": false
}

[node name="AnimationMenu" type="AnimationPlayer" parent="."]
autoplay = "init"
anims/init = SubResource( 8 )
anims/playMenu = SubResource( 9 )
[connection signal="finished" from="VideoPlayer" to="." method="_on_VideoPlayer_finished"]
[connection signal="animation_finished" from="AnimationMenu" to="." method="_on_AnimationMenu_animation_finished"]
