[gd_scene load_steps=128 format=2]

[ext_resource path="res://game/levels/waves/LevelWaves.gd" type="Script" id=1]
[ext_resource path="res://game/enemies/paths/patterns/Pattern86.tscn" type="PackedScene" id=2]
[ext_resource path="res://game/enemies/paths/patterns/Pattern85.tscn" type="PackedScene" id=3]
[ext_resource path="res://game/enemies/paths/patterns/Pattern20.tscn" type="PackedScene" id=4]
[ext_resource path="res://game/enemies/paths/patterns/Pattern84.tscn" type="PackedScene" id=5]
[ext_resource path="res://game/enemies/paths/patterns/Pattern91.tscn" type="PackedScene" id=6]
[ext_resource path="res://game/enemies/paths/patterns/Pattern92.tscn" type="PackedScene" id=7]
[ext_resource path="res://game/enemies/paths/patterns/Pattern67.tscn" type="PackedScene" id=8]
[ext_resource path="res://game/enemies/paths/patterns/Pattern35.tscn" type="PackedScene" id=9]
[ext_resource path="res://game/enemies/paths/patterns/Pattern24.tscn" type="PackedScene" id=10]
[ext_resource path="res://game/enemies/paths/patterns/Pattern23.tscn" type="PackedScene" id=11]
[ext_resource path="res://game/enemies/paths/patterns/Pattern49.tscn" type="PackedScene" id=12]
[ext_resource path="res://game/enemies/paths/patterns/Pattern33.tscn" type="PackedScene" id=13]
[ext_resource path="res://game/enemies/paths/PathOutIn.gd" type="Script" id=14]
[ext_resource path="res://game/enemies/paths/PathInIn.gd" type="Script" id=15]
[ext_resource path="res://game/enemies/waves/EnemyWave.gd" type="Script" id=16]
[ext_resource path="res://game/enemies/paths/PathOutOut.gd" type="Script" id=17]
[ext_resource path="res://game/enemies/paths/PathGroupOut.gd" type="Script" id=18]
[ext_resource path="res://game/enemies/paths/PathGroupIn.gd" type="Script" id=19]
[ext_resource path="res://game/enemies/paths/patterns/Pattern87.tscn" type="PackedScene" id=20]
[ext_resource path="res://game/enemies/paths/patterns/Pattern89.tscn" type="PackedScene" id=21]
[ext_resource path="res://game/enemies/paths/patterns/Pattern88.tscn" type="PackedScene" id=22]
[ext_resource path="res://game/enemies/paths/patterns/Pattern45.tscn" type="PackedScene" id=23]
[ext_resource path="res://game/enemies/paths/patterns/Pattern28.tscn" type="PackedScene" id=24]
[ext_resource path="res://game/enemies/paths/patterns/Pattern29.tscn" type="PackedScene" id=25]
[ext_resource path="res://game/enemies/paths/patterns/Pattern25.tscn" type="PackedScene" id=26]
[ext_resource path="res://game/enemies/paths/patterns/Pattern30.tscn" type="PackedScene" id=27]
[ext_resource path="res://game/enemies/paths/patterns/Pattern27.tscn" type="PackedScene" id=28]
[ext_resource path="res://game/enemies/paths/patterns/Pattern26.tscn" type="PackedScene" id=29]
[ext_resource path="res://game/enemies/group3/MedBanditG3B.tscn" type="PackedScene" id=30]
[ext_resource path="res://game/enemies/group3/MedBanditG3A.tscn" type="PackedScene" id=31]
[ext_resource path="res://game/enemies/paths/patterns/Pattern19.tscn" type="PackedScene" id=32]
[ext_resource path="res://game/enemies/group4/BossG4.tscn" type="PackedScene" id=33]
[ext_resource path="res://game/enemies/group3/RotatorG3B.tscn" type="PackedScene" id=34]
[ext_resource path="res://game/enemies/paths/patterns/Pattern62.tscn" type="PackedScene" id=35]
[ext_resource path="res://game/enemies/paths/patterns/Pattern78.tscn" type="PackedScene" id=36]
[ext_resource path="res://game/enemies/paths/patterns/Pattern10.tscn" type="PackedScene" id=37]
[ext_resource path="res://game/enemies/group5/BigBanditG5C.tscn" type="PackedScene" id=38]
[ext_resource path="res://game/enemies/group5/SmallBanditG5B.tscn" type="PackedScene" id=39]
[ext_resource path="res://game/enemies/paths/patterns/Pattern7.tscn" type="PackedScene" id=40]
[ext_resource path="res://game/enemies/group5/BigBanditG5Minionated2.tscn" type="PackedScene" id=41]
[ext_resource path="res://game/enemies/paths/patterns/Pattern8.tscn" type="PackedScene" id=42]
[ext_resource path="res://game/enemies/group5/MedBanditG5B.tscn" type="PackedScene" id=43]
[ext_resource path="res://game/enemies/group5/FreeTeleporterG5.tscn" type="PackedScene" id=44]
[ext_resource path="res://game/enemies/paths/patterns/Pattern90.tscn" type="PackedScene" id=45]
[ext_resource path="res://game/enemies/group5/RotatorG5A.tscn" type="PackedScene" id=46]
[ext_resource path="res://game/enemies/paths/patterns/Pattern75.tscn" type="PackedScene" id=47]
[ext_resource path="res://game/enemies/group5/BigBanditG5A.tscn" type="PackedScene" id=48]
[ext_resource path="res://game/enemies/group5/BigBanditG5B.tscn" type="PackedScene" id=49]
[ext_resource path="res://game/enemies/paths/patterns/Pattern66.tscn" type="PackedScene" id=50]
[ext_resource path="res://game/enemies/waves/WaveMidBossLevelThree.tscn" type="PackedScene" id=51]
[ext_resource path="res://game/enemies/group5/BigBanditG5Minionated.tscn" type="PackedScene" id=52]
[ext_resource path="res://game/enemies/paths/patterns/Pattern17.tscn" type="PackedScene" id=53]
[ext_resource path="res://game/enemies/paths/patterns/Pattern12.tscn" type="PackedScene" id=54]
[ext_resource path="res://game/enemies/group5/SmallBanditG5A.tscn" type="PackedScene" id=55]
[ext_resource path="res://game/enemies/group5/RotatorG5B.tscn" type="PackedScene" id=56]
[ext_resource path="res://game/enemies/paths/patterns/Pattern76.tscn" type="PackedScene" id=57]
[ext_resource path="res://game/enemies/paths/patterns/Pattern11.tscn" type="PackedScene" id=58]
[ext_resource path="res://game/enemies/paths/patterns/Pattern14.tscn" type="PackedScene" id=59]
[ext_resource path="res://game/enemies/paths/patterns/Pattern15.tscn" type="PackedScene" id=60]
[ext_resource path="res://game/enemies/paths/patterns/Pattern61.tscn" type="PackedScene" id=61]
[ext_resource path="res://game/enemies/group5/MedBanditG5A.tscn" type="PackedScene" id=62]
[ext_resource path="res://game/enemies/paths/patterns/Pattern72.tscn" type="PackedScene" id=63]
[ext_resource path="res://game/enemies/paths/patterns/Pattern16.tscn" type="PackedScene" id=64]
[ext_resource path="res://game/enemies/group5/FreeMoverG5.tscn" type="PackedScene" id=65]
[ext_resource path="res://game/enemies/paths/patterns/Pattern9.tscn" type="PackedScene" id=66]
[ext_resource path="res://game/enemies/paths/patterns/Pattern18.tscn" type="PackedScene" id=67]
[ext_resource path="res://game/enemies/group5/KamikazeG5.tscn" type="PackedScene" id=68]
[ext_resource path="res://game/enemies/group5/RotatorG5C.tscn" type="PackedScene" id=69]
[ext_resource path="res://game/enemies/paths/patterns/Pattern13.tscn" type="PackedScene" id=70]

[sub_resource type="Curve2D" id=1]
_data = {
"points": PoolVector2Array( 0, 0, 0, 0, 632.417, -23.9618, -4, -46, 4, 46, 568.417, 116.038, -4, -56, 4, 56, 648.417, 218.038, 0, 0, 0, 0, 644.14, 414.575 )
}

[sub_resource type="Curve2D" id=2]
_data = {
"points": PoolVector2Array( 0, 0, 0, 0, 746.801, 5.16585, -15.874, -46.0346, 15.874, 46.0346, 716.64, 103.585, -25.8361, -32.3634, 25.8361, 32.3634, 783.892, 190.857, 0, 0, 0, 0, 791.102, 327.072 )
}

[sub_resource type="Curve2D" id=3]
_data = {
"points": PoolVector2Array( 0, 0, 0, 0, 632.417, -23.9618, -4, -46, 4, 46, 568.417, 116.038, -4, -56, 4, 56, 648.417, 218.038, 0, 0, 0, 0, 644.14, 414.575 )
}

[sub_resource type="Curve2D" id=4]
_data = {
"points": PoolVector2Array( 0, 0, 0, 0, 632.417, -23.9618, -4, -46, 4, 46, 568.417, 116.038, -4, -56, 4, 56, 648.417, 218.038, 0, 0, 0, 0, 644.14, 414.575 )
}

[sub_resource type="Curve2D" id=5]
_data = {
"points": PoolVector2Array( 0, 0, 0, 0, 746.801, 5.16585, -15.874, -46.0346, 15.874, 46.0346, 716.64, 103.585, -25.8361, -32.3634, 25.8361, 32.3634, 783.892, 190.857, 0, 0, 0, 0, 791.102, 327.072 )
}

[sub_resource type="Curve2D" id=6]
_data = {
"points": PoolVector2Array( 0, 0, 0, 0, 632.417, -23.9618, -4, -46, 4, 46, 568.417, 116.038, -4, -56, 4, 56, 648.417, 218.038, 0, 0, 0, 0, 644.14, 414.575 )
}

[sub_resource type="Curve2D" id=7]
_data = {
"points": PoolVector2Array( 0, 0, 0, 0, 953.929, -53.7149, 0, 0, 0, 0, 757.932, 454.097 )
}

[sub_resource type="Curve2D" id=8]
_data = {
"points": PoolVector2Array( 0, 0, 0, 0, 953.929, -53.7149, 0, 0, 0, 0, 757.932, 454.097 )
}

[sub_resource type="Curve2D" id=9]
_data = {
"points": PoolVector2Array( 0, 0, 0, 0, 830.501, 189.694, 0, 0, 0, 0, 829.66, 320.874 )
}

[sub_resource type="Curve2D" id=10]
_data = {
"points": PoolVector2Array( 0, 0, 0, 0, 830.501, 189.694, 0, 0, 0, 0, 829.66, 320.874 )
}

[sub_resource type="Curve2D" id=11]
_data = {
"points": PoolVector2Array( 0, 0, 0, 0, 361.432, 104.622, 0, 0, 0, 0, 621.968, 238.514 )
}

[sub_resource type="Curve2D" id=12]
_data = {
"points": PoolVector2Array( 0, 0, 0, 0, 347.184, 179.204, -49.3883, -40.4086, 49.3883, 40.4086, 748.816, 283.837, -31.4289, -67.3477, 31.4289, 67.3477, 776.878, 464.553, -51.6332, -6.73477, 51.6332, 6.73477, 951.068, 547.371, 0, 0, 0, 0, 1539.24, 538.392 )
}

[sub_resource type="Curve2D" id=13]
_data = {
"points": PoolVector2Array( 0, 0, 0, 0, 958.569, 191.037, 0, 0, 0, 0, 958.569, 223.795 )
}

[sub_resource type="Curve2D" id=14]
_data = {
"points": PoolVector2Array( 0, 0, 0, 0, 705.416, -60.0197, -73.7308, -59.4603, 73.7308, 59.4603, 774.39, 158.794, -40.433, -57.0819, 40.433, 57.0819, 1093.1, 289.607, 57.0819, -57.0819, -57.0819, 57.0819, 1083.58, 496.529, 4.75683, -73.7308, -4.75683, 73.7308, 774.39, 555.99, 0, 0, 0, 0, 767.254, 677.289 )
}

[sub_resource type="Curve2D" id=15]
_data = {
"points": PoolVector2Array( 0, 0, 0, 0, 755.265, 106.872, 0, 0, 0, 0, 755.654, 264.111 )
}

[sub_resource type="Curve2D" id=16]
_data = {
"points": PoolVector2Array( 0, 0, 0, 0, 755.265, 106.872, 0, 0, 0, 0, 755.654, 264.111 )
}

[sub_resource type="Curve2D" id=17]
_data = {
"points": PoolVector2Array( 0, 0, 0, 0, 314.025, 540.175, -83.1548, 39.0576, 83.1548, -39.0576, 763.079, 525.776, -2.51984, 84.4147, 2.51984, -84.4147, 957.107, 374.585, -83.1548, 105.833, 83.1548, -105.833, 596.77, 155.359, 1.68179, 0, -1.68179, 0, 1551.82, 134.863 )
}

[sub_resource type="Curve2D" id=18]
_data = {
"points": PoolVector2Array( 0, 0, 0, 0, 668.151, 302.489, -52.9167, -37.7976, 52.9167, 37.7976, 705.269, 350.088, 0, 0, 0, 0, 883.664, 399.021 )
}

[sub_resource type="Curve2D" id=19]
_data = {
"points": PoolVector2Array( 0, 0, 0, 0, 314.025, 540.175, -83.1548, 39.0576, 83.1548, -39.0576, 763.079, 525.776, -2.51984, 84.4147, 2.51984, -84.4147, 957.107, 374.585, -83.1548, 105.833, 83.1548, -105.833, 596.77, 155.359, 1.68179, 0, -1.68179, 0, 1551.82, 134.863 )
}

[sub_resource type="Curve2D" id=20]
_data = {
"points": PoolVector2Array( 0, 0, 0, 0, 1171.01, 369.837, 68.0357, -88.1945, -68.0357, 88.1945, 1150.72, 467.687, 0, 0, 0, 0, 966.726, 540.451 )
}

[sub_resource type="Curve2D" id=21]
_data = {
"points": PoolVector2Array( 0, 0, 0, 0, 960.348, -35.5457, -1.18921, -15.4597, 1.18921, 15.4597, 993, 128, 0, -28.541, 0, 28.541, 926, 191, -3.56762, -47.5683, 3.56762, 47.5683, 1024, 258, 0, -58.2711, 0, 58.2711, 894, 318, 3.56762, -95.1366, -3.56762, 95.1366, 1090, 451, -7.13524, -124.867, 7.13524, 124.867, 831, 575, -78.4877, 28.541, 78.4877, -28.541, 1026.62, 702.991, -110.596, 2.37841, 110.596, -2.37841, 1216.9, 517.474, 0, 0, 0, 0, 1535.6, 517.474 )
}

[sub_resource type="Curve2D" id=22]
_data = {
"points": PoolVector2Array( 0, 0, 0, 0, 960.348, -35.5457, -1.18921, -15.4597, 1.18921, 15.4597, 993, 128, 0, -28.541, 0, 28.541, 926, 191, -3.56762, -47.5683, 3.56762, 47.5683, 1024, 258, 0, -58.2711, 0, 58.2711, 894, 318, 3.56762, -95.1366, -3.56762, 95.1366, 1090, 451, -7.13524, -124.867, 7.13524, 124.867, 831, 575, -78.4877, 28.541, 78.4877, -28.541, 1026.62, 702.991, -110.596, 2.37841, 110.596, -2.37841, 1216.9, 517.474, 0, 0, 0, 0, 1535.6, 517.474 )
}

[sub_resource type="Curve2D" id=23]
_data = {
"points": PoolVector2Array( 0, 0, 0, 0, 755.265, 106.872, 0, 0, 0, 0, 755.654, 264.111 )
}

[sub_resource type="Curve2D" id=24]
_data = {
"points": PoolVector2Array( 0, 0, 0, 0, 755.265, 106.872, 0, 0, 0, 0, 755.654, 264.111 )
}

[sub_resource type="Curve2D" id=25]
_data = {
"points": PoolVector2Array( 0, 0, 0, 0, 1599.78, 448.127, 0, 0, 0, 0, 1150.26, 449.316 )
}

[sub_resource type="Curve2D" id=26]
_data = {
"points": PoolVector2Array( 0, 0, 0, 0, 755.265, 106.872, 0, 0, 0, 0, 842.416, 263.065 )
}

[sub_resource type="Curve2D" id=27]
_data = {
"points": PoolVector2Array( 0, 0, 0, 0, 755.265, 106.872, 0, 0, 0, 0, 672.528, 254.156 )
}

[sub_resource type="Curve2D" id=28]
_data = {
"points": PoolVector2Array( 0, 0, 0, 0, 755.265, 106.872, 0, 0, 0, 0, 755.715, 122.226 )
}

[sub_resource type="Curve2D" id=29]
_data = {
"points": PoolVector2Array( 0, 0, 0, 0, 641.501, 195.043, 0, 0, 0, 0, 705.646, 257.406 )
}

[sub_resource type="Curve2D" id=30]
_data = {
"points": PoolVector2Array( 0, 0, 0, 0, 818.23, -101.707, -4.49492, -35.9594, 4.49492, 35.9594, 723.27, 109.636, -1.49831, -62.9289, 1.49831, 62.9289, 853.622, 207.026, 17.9797, -61.4306, -17.9797, 61.4306, 723.27, 313.406, -1.49831, -74.9154, 1.49831, 74.9154, 853.622, 464.735, 0, 0, 0, 0, 359.181, 562.125 )
}

[sub_resource type="Curve2D" id=31]
_data = {
"points": PoolVector2Array( 0, 0, 0, 0, 818.23, -101.707, -4.49492, -35.9594, 4.49492, 35.9594, 723.27, 109.636, -1.49831, -62.9289, 1.49831, 62.9289, 853.622, 207.026, 17.9797, -61.4306, -17.9797, 61.4306, 723.27, 313.406, -1.49831, -74.9154, 1.49831, 74.9154, 853.622, 464.735, 0, 0, 0, 0, 359.181, 562.125 )
}

[sub_resource type="Curve2D" id=32]
_data = {
"points": PoolVector2Array( 0, 0, 0, 0, 818.23, -101.707, -4.49492, -35.9594, 4.49492, 35.9594, 723.27, 109.636, -1.49831, -62.9289, 1.49831, 62.9289, 853.622, 207.026, 17.9797, -61.4306, -17.9797, 61.4306, 723.27, 313.406, -1.49831, -74.9154, 1.49831, 74.9154, 853.622, 464.735, 0, 0, 0, 0, 359.181, 562.125 )
}

[sub_resource type="Curve2D" id=33]
_data = {
"points": PoolVector2Array( 0, 0, 0, 0, 818.23, -101.707, -4.49492, -35.9594, 4.49492, 35.9594, 723.27, 109.636, -1.49831, -62.9289, 1.49831, 62.9289, 853.622, 207.026, 17.9797, -61.4306, -17.9797, 61.4306, 723.27, 313.406, -1.49831, -74.9154, 1.49831, 74.9154, 853.622, 464.735, 0, 0, 0, 0, 359.181, 562.125 )
}

[sub_resource type="Curve2D" id=34]
_data = {
"points": PoolVector2Array( 0, 0, 0, 0, 347.184, 179.204, -49.3883, -40.4086, 49.3883, 40.4086, 748.816, 283.837, -31.4289, -67.3477, 31.4289, 67.3477, 776.878, 464.553, -51.6332, -6.73477, 51.6332, 6.73477, 951.068, 547.371, 0, 0, 0, 0, 1539.24, 538.392 )
}

[sub_resource type="Curve2D" id=35]
_data = {
"points": PoolVector2Array( 0, 0, 0, 0, 705.416, -60.0197, -73.7308, -59.4603, 73.7308, 59.4603, 774.39, 158.794, -40.433, -57.0819, 40.433, 57.0819, 1093.1, 289.607, 57.0819, -57.0819, -57.0819, 57.0819, 1083.58, 496.529, 4.75683, -73.7308, -4.75683, 73.7308, 774.39, 555.99, 0, 0, 0, 0, 767.254, 677.289 )
}

[sub_resource type="Curve2D" id=36]
_data = {
"points": PoolVector2Array( 0, 0, 0, 0, 301.948, 147.799, -57.3981, -24.0271, 57.3981, 24.0271, 1188.93, 137.72, 0, -65.4072, 0, 65.4072, 1350.2, 273.791, 45.3846, -52.0588, -45.3846, 52.0588, 1327.52, 939.03, 49.3891, 45.3846, -49.3891, -45.3846, 609.369, 954.149, 0, 0, 0, 0, 601.809, 145.279, 0, 0, 0, 0, 1675.26, 142.76 )
}

[sub_resource type="Curve2D" id=37]
_data = {
"points": PoolVector2Array( 0, 0, 0, 0, 301.948, 147.799, -57.3981, -24.0271, 57.3981, 24.0271, 1188.93, 137.72, 0, -65.4072, 0, 65.4072, 1350.2, 273.791, 45.3846, -52.0588, -45.3846, 52.0588, 1327.52, 939.03, 49.3891, 45.3846, -49.3891, -45.3846, 609.369, 954.149, 0, 0, 0, 0, 601.809, 145.279, 0, 0, 0, 0, 1675.26, 142.76 )
}

[sub_resource type="Curve2D" id=38]
_data = {
"points": PoolVector2Array( 0, 0, 0, 0, 382.343, 447.495, 0, 0, 0, 0, 767.009, 448.909 )
}

[sub_resource type="Curve2D" id=39]
_data = {
"points": PoolVector2Array( 0, 0, 0, 0, 382.343, 447.495, 0, 0, 0, 0, 767.009, 448.909 )
}

[sub_resource type="Curve2D" id=40]
_data = {
"points": PoolVector2Array( 0, 0, 0, 0, 367.464, 314.109, 0, 0, 0, 0, 697.563, 142.76, 0, 0, 0, 0, 700.083, 442.621 )
}

[sub_resource type="Curve2D" id=41]
_data = {
"points": PoolVector2Array( 0, 0, 0, 0, 304.468, 152.839, 0, 0, 0, 0, 957.107, 253.633, 0, 0, 0, 0, 1604.71, 127.641 )
}

[sub_resource type="Curve2D" id=42]
_data = {
"points": PoolVector2Array( 0, 0, 0, 0, 765.219, 191.599, 0, 0, 0, 0, 895.386, 191.599 )
}

[sub_resource type="Curve2D" id=43]
_data = {
"points": PoolVector2Array( 0, 0, 0, 0, 361.432, 104.622, 0, 0, 0, 0, 621.968, 238.514 )
}

[sub_resource type="Curve2D" id=44]
_data = {
"points": PoolVector2Array( 0, 0, 0, 0, 767.253, 192.538, 0, 0, 0, 0, 959.627, 193.156 )
}

[sub_resource type="Curve2D" id=45]
_data = {
"points": PoolVector2Array( 0, 0, 0, 0, 1599.26, 263.888, 316, -114, -316, 114, 1157.26, 257.888, 0, 0, 0, 0, 767.255, 541.888 )
}

[sub_resource type="Curve2D" id=46]
_data = {
"points": PoolVector2Array( 0, 0, 0, 0, 958.569, 191.037, 0, 0, 0, 0, 958.569, 223.795 )
}

[sub_resource type="Curve2D" id=47]
_data = {
"points": PoolVector2Array( 0, 0, 0, 0, 755.265, 106.872, 0, 0, 0, 0, 755.654, 264.111 )
}

[sub_resource type="Curve2D" id=48]
_data = {
"points": PoolVector2Array( 0, 0, 0, 0, 755.265, 106.872, 0, 0, 0, 0, 755.654, 264.111 )
}

[sub_resource type="Curve2D" id=49]
_data = {
"points": PoolVector2Array( 0, 0, 0, 0, 755.265, 106.872, 0, 0, 0, 0, 755.654, 264.111 )
}

[sub_resource type="Curve2D" id=50]
_data = {
"points": PoolVector2Array( 0, 0, 0, 0, 755.265, 106.872, 0, 0, 0, 0, 755.654, 264.111 )
}

[sub_resource type="Curve2D" id=51]
_data = {
"points": PoolVector2Array( 0, 0, 0, 0, 755.265, 106.872, 0, 0, 0, 0, 755.654, 264.111 )
}

[sub_resource type="Curve2D" id=52]
_data = {
"points": PoolVector2Array( 0, 0, 0, 0, 755.265, 106.872, 0, 0, 0, 0, 755.654, 264.111 )
}

[sub_resource type="Curve2D" id=53]
_data = {
"points": PoolVector2Array( 0, 0, 0, 0, 1216.94, 102.178, 146.148, -93.3638, -146.148, 93.3638, 1042.33, 383.148, 0, 0, 0, 0, 769.297, 484.741 )
}

[sub_resource type="Curve2D" id=54]
_data = {
"points": PoolVector2Array( 0, 0, 0, 0, 1599.26, 263.888, 316, -114, -316, 114, 1157.26, 257.888, 0, 0, 0, 0, 767.255, 541.888 )
}

[sub_resource type="Curve2D" id=55]
_data = {
"points": PoolVector2Array( 0, 0, 0, 0, 958.316, 257.286, 0, 0, 0, 0, 764.822, 387.541, 0, 0, 0, 0, 1150.87, 387.541 )
}

[sub_resource type="Curve2D" id=56]
_data = {
"points": PoolVector2Array( 0, 0, 0, 0, 958.316, 257.286, 0, 0, 0, 0, 764.822, 387.541, 0, 0, 0, 0, 1150.87, 387.541 )
}

[sub_resource type="Curve2D" id=57]
_data = {
"points": PoolVector2Array( 0, 0, 0, 0, 797.187, 256.09, 0, 0, 0, 0, 774.249, 382.9, 0, 0, 0, 0, 671.467, 373.556, 0, 0, 0, 0, 706.721, 260.659 )
}

[node name="WavesLevelFive" type="Node"]
script = ExtResource( 1 )
big_boss = ExtResource( 33 )
big_boss_music_transition = "level_five_to_boss"

[node name="Wave3" type="Node" parent="."]
script = ExtResource( 16 )

[node name="Pattern11" type="Path2D" parent="Wave3" instance=ExtResource( 58 )]
visible = false
position = Vector2( 101.152, -26.7348 )
curve = SubResource( 1 )
script = ExtResource( 14 )
enemies = [ ExtResource( 55 ) ]
enemy_number = 2
speed = 250.0
are_aimers = true

[node name="Pattern12" type="Path2D" parent="Wave3" instance=ExtResource( 54 )]
visible = false
position = Vector2( 39.2438, -98.7767 )
curve = SubResource( 2 )
script = ExtResource( 14 )
enemies = [ ExtResource( 39 ) ]
enemy_number = 2
speed = 250.0
are_aimers = true

[node name="Pattern13" type="Path2D" parent="Wave3" instance=ExtResource( 70 )]
visible = false
position = Vector2( 255.13, -159.185 )
curve = SubResource( 3 )
script = ExtResource( 14 )
enemies = [ ExtResource( 55 ) ]
enemy_number = 2
speed = 250.0

[node name="Pattern14" type="Path2D" parent="Wave3" instance=ExtResource( 59 )]
visible = false
position = Vector2( 1661.11, -159.185 )
scale = Vector2( -1, 1 )
curve = SubResource( 4 )
script = ExtResource( 14 )
enemies = [ ExtResource( 39 ) ]
enemy_number = 2
speed = 250.0

[node name="Pattern15" type="Path2D" parent="Wave3" instance=ExtResource( 60 )]
visible = false
position = Vector2( 1859.64, -98.7767 )
scale = Vector2( -1, 1 )
curve = SubResource( 5 )
script = ExtResource( 14 )
enemies = [ ExtResource( 39 ) ]
enemy_number = 2
speed = 250.0
are_aimers = true

[node name="Pattern16" type="Path2D" parent="Wave3" instance=ExtResource( 64 )]
visible = false
position = Vector2( 1782.98, -26.7348 )
scale = Vector2( -1, 1 )
curve = SubResource( 6 )
script = ExtResource( 14 )
enemies = [ ExtResource( 55 ) ]
enemy_number = 2
speed = 250.0
are_aimers = true

[node name="Wave12" type="Node" parent="."]
script = ExtResource( 16 )
__meta__ = {
"_edit_horizontal_guides_": [ 572.162 ],
"_edit_vertical_guides_": [ 960.57 ]
}

[node name="Pattern61" type="Path2D" parent="Wave12" instance=ExtResource( 61 )]
visible = false
position = Vector2( 6.90442, 0 )
curve = SubResource( 7 )
script = ExtResource( 18 )
enemies = [ ExtResource( 55 ), ExtResource( 39 ) ]
enemy_number = 3
speed = 500.0
spawn_enemy_rate = 0.8
minimun_path_segment = 0.2

[node name="Pattern62" type="Path2D" parent="Wave12" instance=ExtResource( 35 )]
visible = false
position = Vector2( 1915.24, 0 )
scale = Vector2( -1, 1 )
curve = SubResource( 8 )
script = ExtResource( 18 )
enemies = [ ExtResource( 39 ), ExtResource( 55 ) ]
enemy_number = 3
speed = 500.0
spawn_enemy_rate = 0.8
minimun_path_segment = 0.2

[node name="Wave22" type="Node" parent="."]
script = ExtResource( 16 )
__meta__ = {
"_edit_horizontal_guides_": [ 540.852 ],
"_edit_vertical_guides_": [ 959.523 ]
}

[node name="Pattern86" type="Path2D" parent="Wave22" instance=ExtResource( 2 )]
visible = false
curve = SubResource( 9 )
script = ExtResource( 15 )
enemies = [ ExtResource( 39 ) ]
enemy_number = 4
speed = 80.0
are_aimers = true

[node name="Pattern87" type="Path2D" parent="Wave22"]
visible = false
position = Vector2( 256.473, 0 )
curve = SubResource( 10 )
script = ExtResource( 15 )
enemies = [ ExtResource( 39 ) ]
enemy_number = 4
speed = 80.0
are_aimers = true

[node name="Pattern88" type="Path2D" parent="Wave22"]
visible = false
position = Vector2( 130.339, 99.2258 )
curve = SubResource( 10 )
script = ExtResource( 15 )
enemies = [ ExtResource( 39 ) ]
enemy_number = 4
speed = 80.0
are_aimers = true

[node name="Wave29" type="Node" parent="."]
script = ExtResource( 16 )
__meta__ = {
"_edit_horizontal_guides_": [ 540.852 ],
"_edit_vertical_guides_": [ 959.523 ]
}

[node name="Pattern" type="Path2D" parent="Wave29"]
visible = false
position = Vector2( 16.9706, 0 )
curve = SubResource( 11 )
script = ExtResource( 14 )
enemies = [ ExtResource( 62 ), ExtResource( 43 ) ]
enemy_number = 2
speed = 180.0
are_aimers = true

[node name="Pattern2" type="Path2D" parent="Wave29"]
visible = false
position = Vector2( 16.9706, 194.887 )
curve = SubResource( 11 )
script = ExtResource( 14 )
enemies = [ ExtResource( 31 ), ExtResource( 30 ) ]
enemy_number = 2
speed = 180.0
are_aimers = true

[node name="Wave30" type="Node" parent="."]
script = ExtResource( 16 )
__meta__ = {
"_edit_horizontal_guides_": [ 540.852 ],
"_edit_vertical_guides_": [ 959.523 ]
}

[node name="Pattern3" type="Path2D" parent="Wave30"]
visible = false
position = Vector2( 1899.29, 0 )
scale = Vector2( -1, 1 )
curve = SubResource( 11 )
script = ExtResource( 14 )
enemies = [ ExtResource( 62 ), ExtResource( 43 ) ]
enemy_number = 2
speed = 180.0
are_aimers = true

[node name="Pattern4" type="Path2D" parent="Wave30"]
visible = false
position = Vector2( 1899.29, 194.887 )
scale = Vector2( -1, 1 )
curve = SubResource( 11 )
script = ExtResource( 14 )
enemies = [ ExtResource( 62 ), ExtResource( 43 ) ]
enemy_number = 2
speed = 180.0
are_aimers = true

[node name="Wave31" type="Node" parent="."]
script = ExtResource( 16 )
__meta__ = {
"_edit_horizontal_guides_": [ 540.852 ],
"_edit_vertical_guides_": [ 959.523 ]
}

[node name="Pattern" type="Path2D" parent="Wave31"]
visible = false
position = Vector2( 16.9706, 0 )
curve = SubResource( 11 )
script = ExtResource( 14 )
enemies = [ ExtResource( 39 ) ]
enemy_number = 3
speed = 300.0

[node name="Pattern2" type="Path2D" parent="Wave31"]
visible = false
position = Vector2( 16.9706, 194.887 )
curve = SubResource( 11 )
script = ExtResource( 14 )
enemies = [ ExtResource( 43 ) ]
enemy_number = 2
speed = 160.0
are_aimers = true

[node name="Pattern3" type="Path2D" parent="Wave31"]
visible = false
position = Vector2( 1899.29, 0 )
scale = Vector2( -1, 1 )
curve = SubResource( 11 )
script = ExtResource( 14 )
enemies = [ ExtResource( 39 ) ]
enemy_number = 3
speed = 300.0

[node name="Pattern4" type="Path2D" parent="Wave31"]
visible = false
position = Vector2( 1899.29, 194.887 )
scale = Vector2( -1, 1 )
curve = SubResource( 11 )
script = ExtResource( 14 )
enemies = [ ExtResource( 43 ) ]
enemy_number = 2
speed = 160.0
are_aimers = true

[node name="Wave32" type="Node" parent="."]
script = ExtResource( 16 )
__meta__ = {
"_edit_horizontal_guides_": [ 540.852 ],
"_edit_vertical_guides_": [ 959.523 ]
}

[node name="Pattern18" type="Path2D" parent="Wave32" instance=ExtResource( 67 )]
visible = false
position = Vector2( 1919.5, 0 )
scale = Vector2( -1, 1 )
curve = SubResource( 12 )
script = ExtResource( 17 )
enemies = [ ExtResource( 43 ) ]
enemy_number = 6
speed = 140.0
spawn_enemy_rate = 2.0
are_aimers = true

[node name="Pattern" type="Path2D" parent="Wave32"]
visible = false
curve = SubResource( 13 )
script = ExtResource( 15 )
enemies = [ ExtResource( 39 ) ]
enemy_number = 2
speed = 60.0

[node name="Wave34" type="Node" parent="."]
script = ExtResource( 16 )
__meta__ = {
"_edit_horizontal_guides_": [ 540.852 ],
"_edit_vertical_guides_": [ 959.523 ]
}

[node name="Pattern20" type="Path2D" parent="Wave34" instance=ExtResource( 4 )]
visible = false
position = Vector2( 1884.75, -20.0466 )
scale = Vector2( -1, 1 )
curve = SubResource( 14 )
script = ExtResource( 14 )
enemies = [ ExtResource( 62 ) ]
enemy_number = 4
speed = 360.0

[node name="Pattern33" type="Path2D" parent="Wave34" instance=ExtResource( 13 )]
visible = false
position = Vector2( 139.084, 0.554474 )
curve = SubResource( 15 )
script = ExtResource( 15 )
enemies = [ ExtResource( 43 ) ]
speed = 120.0
are_aimers = true

[node name="Pattern45" type="Path2D" parent="Wave34" instance=ExtResource( 23 )]
visible = false
position = Vector2( 342.488, 123.647 )
curve = SubResource( 16 )
script = ExtResource( 15 )
enemies = [ ExtResource( 43 ) ]
enemy_number = 2
speed = 120.0
are_aimers = true

[node name="Wave35" type="Node" parent="."]
script = ExtResource( 16 )
__meta__ = {
"_edit_horizontal_guides_": [ 540.852 ],
"_edit_vertical_guides_": [ 959.523 ]
}

[node name="Pattern92" type="Path2D" parent="Wave35" instance=ExtResource( 7 )]
visible = false
position = Vector2( 1947.52, 0 )
scale = Vector2( -1, 1 )
curve = SubResource( 17 )
script = ExtResource( 17 )
enemies = [ ExtResource( 43 ) ]
enemy_number = 6
speed = 420.0
spawn_enemy_rate = 1.4

[node name="Pattern23" type="Path2D" parent="Wave35" instance=ExtResource( 11 )]
visible = false
position = Vector2( 20.2039, 47.1434 )
curve = SubResource( 18 )
script = ExtResource( 19 )
enemies = [ ExtResource( 39 ) ]
enemy_number = 2
speed = 350.0
spawn_enemy_rate = 0.8
are_aimers = true

[node name="Wave36" type="Node" parent="."]
script = ExtResource( 16 )
__meta__ = {
"_edit_horizontal_guides_": [ 540.852 ],
"_edit_vertical_guides_": [ 959.523 ]
}

[node name="Pattern91" type="Path2D" parent="Wave36" instance=ExtResource( 6 )]
visible = false
position = Vector2( -30.2723, 0 )
curve = SubResource( 19 )
script = ExtResource( 17 )
enemies = [ ExtResource( 43 ) ]
enemy_number = 6
speed = 420.0
spawn_enemy_rate = 1.4

[node name="Pattern24" type="Path2D" parent="Wave36" instance=ExtResource( 10 )]
visible = false
position = Vector2( -71.8376, 0 )
curve = SubResource( 20 )
script = ExtResource( 19 )
enemies = [ ExtResource( 39 ) ]
enemy_number = 2
speed = 350.0
spawn_enemy_rate = 0.8
are_aimers = true

[node name="Wave14" type="Node" parent="."]
script = ExtResource( 16 )
__meta__ = {
"_edit_horizontal_guides_": [ 540.494 ],
"_edit_vertical_guides_": [ 959.848 ]
}

[node name="Pattern66" type="Path2D" parent="Wave14" instance=ExtResource( 50 )]
visible = false
position = Vector2( 181.839, 0 )
curve = SubResource( 21 )
script = ExtResource( 17 )
enemies = [ ExtResource( 43 ) ]
speed = 180.0
are_aimers = true

[node name="Pattern67" type="Path2D" parent="Wave14" instance=ExtResource( 8 )]
visible = false
position = Vector2( 1729.54, 0 )
scale = Vector2( -1, 1 )
curve = SubResource( 22 )
script = ExtResource( 17 )
enemies = [ ExtResource( 62 ) ]
speed = 180.0
are_aimers = true

[node name="Wave15" type="Node" parent="."]
script = ExtResource( 16 )
__meta__ = {
"_edit_horizontal_guides_": [ 540.494 ],
"_edit_vertical_guides_": [ 959.848 ]
}

[node name="Pattern66" type="Path2D" parent="Wave15" instance=ExtResource( 50 )]
visible = false
position = Vector2( 181.839, 0 )
curve = SubResource( 21 )
script = ExtResource( 17 )
enemies = [ ExtResource( 43 ) ]
enemy_number = 2
speed = 180.0
spawn_enemy_rate = 1.2
are_aimers = true

[node name="Pattern67" type="Path2D" parent="Wave15" instance=ExtResource( 8 )]
visible = false
position = Vector2( 1729.54, 0 )
scale = Vector2( -1, 1 )
curve = SubResource( 22 )
script = ExtResource( 17 )
enemies = [ ExtResource( 62 ) ]
enemy_number = 2
speed = 180.0
spawn_enemy_rate = 1.2
are_aimers = true

[node name="Wave25" type="Node" parent="."]
script = ExtResource( 16 )
__meta__ = {
"_edit_horizontal_guides_": [ 540.852 ],
"_edit_vertical_guides_": [ 959.523 ]
}

[node name="Pattern35" type="Path2D" parent="Wave25" instance=ExtResource( 9 )]
visible = false
position = Vector2( 12.4766, 25.2487 )
curve = SubResource( 23 )
script = ExtResource( 15 )
enemies = [ ExtResource( 46 ) ]
speed = 60.0

[node name="Pattern49" type="Path2D" parent="Wave25" instance=ExtResource( 12 )]
visible = false
position = Vector2( 394.912, 242.628 )
curve = SubResource( 24 )
script = ExtResource( 15 )
enemies = [ ExtResource( 46 ) ]
speed = 60.0

[node name="Wave27" type="Node" parent="."]
script = ExtResource( 16 )
__meta__ = {
"_edit_horizontal_guides_": [ 540.852 ],
"_edit_vertical_guides_": [ 959.523 ]
}

[node name="Pattern35" type="Path2D" parent="Wave27" instance=ExtResource( 9 )]
visible = false
position = Vector2( 140.437, 25.2487 )
curve = SubResource( 23 )
script = ExtResource( 15 )
enemies = [ ExtResource( 46 ) ]
speed = 60.0

[node name="Pattern36" type="Path2D" parent="Wave27" instance=ExtResource( 9 )]
visible = false
position = Vector2( 324.521, 25.2487 )
curve = SubResource( 23 )
script = ExtResource( 15 )
enemies = [ ExtResource( 69 ) ]
speed = 60.0

[node name="Wave26" type="Node" parent="."]
script = ExtResource( 16 )
__meta__ = {
"_edit_horizontal_guides_": [ 540.852 ],
"_edit_vertical_guides_": [ 959.523 ]
}

[node name="Pattern67" type="Path2D" parent="Wave26" instance=ExtResource( 8 )]
visible = false
position = Vector2( 1918.11, 0 )
scale = Vector2( -1, 1 )
curve = SubResource( 22 )
script = ExtResource( 17 )
enemies = [ ExtResource( 30 ) ]
enemy_number = 4
speed = 180.0
spawn_enemy_rate = 3.0
is_stopper = true

[node name="Pattern72" type="Path2D" parent="Wave26" instance=ExtResource( 63 )]
visible = false
position = Vector2( -58.7993, -269.391 )
curve = SubResource( 25 )
script = ExtResource( 14 )
enemies = [ ExtResource( 34 ) ]
speed = 50.0

[node name="Wave28" type="Node" parent="."]
script = ExtResource( 16 )
__meta__ = {
"_edit_horizontal_guides_": [ 540.852 ],
"_edit_vertical_guides_": [ 959.523 ]
}

[node name="Pattern35" type="Path2D" parent="Wave28" instance=ExtResource( 9 )]
visible = false
position = Vector2( -150.891, 25.2487 )
curve = SubResource( 23 )
script = ExtResource( 15 )
enemies = [ ExtResource( 68 ) ]
speed = 300.0
allow_enemy_shoot = false

[node name="Pattern36" type="Path2D" parent="Wave28" instance=ExtResource( 9 )]
visible = false
position = Vector2( 519.683, 25.2487 )
curve = SubResource( 23 )
script = ExtResource( 15 )
enemies = [ ExtResource( 68 ) ]
speed = 300.0
allow_enemy_shoot = false

[node name="Pattern37" type="Path2D" parent="Wave28" instance=ExtResource( 9 )]
visible = false
position = Vector2( 200.07, 25.2487 )
curve = SubResource( 23 )
script = ExtResource( 15 )
enemies = [ ExtResource( 68 ) ]
speed = 300.0
allow_enemy_shoot = false

[node name="Wave33" type="Node" parent="."]
script = ExtResource( 16 )
__meta__ = {
"_edit_horizontal_guides_": [ 540.852 ],
"_edit_vertical_guides_": [ 959.523 ]
}

[node name="Pattern35" type="Path2D" parent="Wave33" instance=ExtResource( 9 )]
visible = false
position = Vector2( -150.891, 25.2487 )
curve = SubResource( 26 )
script = ExtResource( 15 )
enemies = [ ExtResource( 68 ) ]
enemy_number = 3
speed = 300.0
allow_enemy_shoot = false

[node name="Pattern36" type="Path2D" parent="Wave33" instance=ExtResource( 9 )]
visible = false
position = Vector2( 519.683, 25.2487 )
curve = SubResource( 27 )
script = ExtResource( 15 )
enemies = [ ExtResource( 68 ) ]
enemy_number = 3
speed = 300.0
allow_enemy_shoot = false

[node name="Pattern37" type="Path2D" parent="Wave33" instance=ExtResource( 9 )]
visible = false
position = Vector2( 200.07, 25.2487 )
curve = SubResource( 28 )
script = ExtResource( 15 )
enemies = [ ExtResource( 46 ) ]
allow_enemy_shoot = false

[node name="Wave37" type="Node" parent="."]
script = ExtResource( 16 )
__meta__ = {
"_edit_horizontal_guides_": [ 540.852 ],
"_edit_vertical_guides_": [ 959.523 ]
}

[node name="Pattern35" type="Path2D" parent="Wave37" instance=ExtResource( 9 )]
visible = false
position = Vector2( -150.891, 25.2487 )
curve = SubResource( 26 )
script = ExtResource( 15 )
enemies = [ ExtResource( 68 ) ]
enemy_number = 4
speed = 400.0
allow_enemy_shoot = false

[node name="Pattern36" type="Path2D" parent="Wave37" instance=ExtResource( 9 )]
visible = false
position = Vector2( 519.683, 25.2487 )
curve = SubResource( 27 )
script = ExtResource( 15 )
enemies = [ ExtResource( 68 ) ]
enemy_number = 4
speed = 400.0
allow_enemy_shoot = false

[node name="Pattern37" type="Path2D" parent="Wave37" instance=ExtResource( 9 )]
visible = false
position = Vector2( 200.07, 25.2487 )
curve = SubResource( 28 )
script = ExtResource( 15 )
enemies = [ ExtResource( 68 ) ]
speed = 300.0
allow_enemy_shoot = false

[node name="Wave38" type="Node" parent="."]
script = ExtResource( 16 )
__meta__ = {
"_edit_horizontal_guides_": [ 540.852 ],
"_edit_vertical_guides_": [ 959.523 ]
}

[node name="Pattern" type="Path2D" parent="Wave38"]
visible = false
curve = SubResource( 29 )
script = ExtResource( 15 )
enemies = [ ExtResource( 44 ) ]
are_aimers = true
cuadrant = 1

[node name="Wave39" type="Node" parent="."]
script = ExtResource( 16 )
__meta__ = {
"_edit_horizontal_guides_": [ 540.852 ],
"_edit_vertical_guides_": [ 959.523 ]
}

[node name="Pattern4" type="Path2D" parent="Wave39"]
visible = false
position = Vector2( 1922.56, 254.797 )
rotation = -3.14159
scale = Vector2( 1, -1 )
curve = SubResource( 29 )
script = ExtResource( 15 )
enemies = [ ExtResource( 44 ) ]
are_aimers = true
cuadrant = 8

[node name="Wave40" type="Node" parent="."]
script = ExtResource( 16 )
__meta__ = {
"_edit_horizontal_guides_": [ 540.852 ],
"_edit_vertical_guides_": [ 959.523 ]
}

[node name="Pattern" type="Path2D" parent="Wave40"]
visible = false
curve = SubResource( 29 )
script = ExtResource( 15 )
enemies = [ ExtResource( 44 ) ]
are_aimers = true
cuadrant = 5

[node name="Pattern4" type="Path2D" parent="Wave40"]
visible = false
position = Vector2( 1922.56, 254.797 )
rotation = -3.14159
scale = Vector2( 1, -1 )
curve = SubResource( 29 )
script = ExtResource( 15 )
enemies = [ ExtResource( 44 ) ]
are_aimers = true
cuadrant = 10

[node name="Wave41" type="Node" parent="."]
script = ExtResource( 16 )
__meta__ = {
"_edit_horizontal_guides_": [ 540.852 ],
"_edit_vertical_guides_": [ 959.523 ]
}

[node name="Pattern3" type="Path2D" parent="Wave41"]
visible = false
position = Vector2( 1922.56, 0 )
rotation = -3.14159
scale = Vector2( 1, -1 )
curve = SubResource( 29 )
script = ExtResource( 15 )
enemies = [ ExtResource( 65 ) ]
cuadrant = 5

[node name="Wave42" type="Node" parent="."]
script = ExtResource( 16 )
__meta__ = {
"_edit_horizontal_guides_": [ 540.852 ],
"_edit_vertical_guides_": [ 959.523 ]
}

[node name="Pattern4" type="Path2D" parent="Wave42"]
visible = false
position = Vector2( 1922.56, 254.797 )
rotation = -3.14159
scale = Vector2( 1, -1 )
curve = SubResource( 29 )
script = ExtResource( 15 )
enemies = [ ExtResource( 65 ) ]
cuadrant = 10

[node name="WaveMidBossLevelThree" type="Node" parent="." instance=ExtResource( 51 )]
script = ExtResource( 16 )
__meta__ = {
"_edit_horizontal_guides_": [ 540.852 ],
"_edit_vertical_guides_": [ 959.523 ]
}

[node name="Wave2" type="Node" parent="."]
script = ExtResource( 16 )
__meta__ = {
"_edit_horizontal_guides_": [ 540.852 ],
"_edit_vertical_guides_": [ 959.523 ]
}

[node name="Pattern7" type="Path2D" parent="Wave2" instance=ExtResource( 40 )]
visible = false
position = Vector2( 58.9153, 0 )
curve = SubResource( 30 )
script = ExtResource( 17 )
enemies = [ ExtResource( 55 ) ]
enemy_number = 4
speed = 250.0

[node name="Pattern8" type="Path2D" parent="Wave2" instance=ExtResource( 42 )]
visible = false
position = Vector2( 11.0643, -123.39 )
curve = SubResource( 31 )
script = ExtResource( 17 )
enemies = [ ExtResource( 55 ), ExtResource( 39 ) ]
enemy_number = 2
speed = 160.0
are_aimers = true

[node name="Pattern9" type="Path2D" parent="Wave2" instance=ExtResource( 66 )]
visible = false
position = Vector2( 1914.09, -102.38 )
scale = Vector2( -1, 1 )
curve = SubResource( 32 )
script = ExtResource( 17 )
enemies = [ ExtResource( 55 ), ExtResource( 39 ) ]
enemy_number = 2
speed = 160.0
are_aimers = true

[node name="Pattern10" type="Path2D" parent="Wave2" instance=ExtResource( 37 )]
visible = false
position = Vector2( 1872.24, -7.49144 )
scale = Vector2( -1, 1 )
curve = SubResource( 33 )
script = ExtResource( 17 )
enemies = [ ExtResource( 55 ) ]
enemy_number = 4
speed = 250.0

[node name="Wave5" type="Node" parent="."]
script = ExtResource( 16 )

[node name="Pattern18" type="Path2D" parent="Wave5" instance=ExtResource( 67 )]
visible = false
position = Vector2( 1919.5, -79.2853 )
scale = Vector2( -1, 1 )
curve = SubResource( 12 )
script = ExtResource( 17 )
enemies = [ ExtResource( 48 ) ]
enemy_number = 4
speed = 260.0
spawn_enemy_rate = 1.3
is_stopper = true

[node name="Wave7" type="Node" parent="."]
script = ExtResource( 16 )

[node name="Pattern17" type="Path2D" parent="Wave7" instance=ExtResource( 53 )]
visible = false
position = Vector2( 0, -79.2853 )
curve = SubResource( 34 )
script = ExtResource( 17 )
enemies = [ ExtResource( 49 ) ]
enemy_number = 4
speed = 260.0
spawn_enemy_rate = 1.3
is_stopper = true

[node name="Wave6" type="Node" parent="."]
script = ExtResource( 16 )

[node name="Pattern19" type="Path2D" parent="Wave6" instance=ExtResource( 32 )]
visible = false
position = Vector2( 84.7571, 2.11893 )
curve = SubResource( 35 )
script = ExtResource( 14 )
enemies = [ ExtResource( 48 ), ExtResource( 49 ) ]
enemy_number = 2
speed = 140.0
are_aimers = true

[node name="Pattern20" type="Path2D" parent="Wave6" instance=ExtResource( 4 )]
visible = false
position = Vector2( 1884.75, 90.8266 )
scale = Vector2( -1, 1 )
curve = SubResource( 14 )
script = ExtResource( 14 )
enemies = [ ExtResource( 48 ), ExtResource( 49 ) ]
enemy_number = 2
speed = 140.0
are_aimers = true

[node name="Wave23" type="Node" parent="."]
script = ExtResource( 16 )
__meta__ = {
"_edit_horizontal_guides_": [ 540.852 ],
"_edit_vertical_guides_": [ 959.523 ]
}

[node name="Pattern84" type="Path2D" parent="Wave23" instance=ExtResource( 5 )]
visible = false
curve = SubResource( 36 )
script = ExtResource( 17 )
enemies = [ ExtResource( 55 ) ]
enemy_number = 4
speed = 320.0
spawn_enemy_rate = 3.0
are_aimers = true

[node name="Pattern85" type="Path2D" parent="Wave23" instance=ExtResource( 3 )]
visible = false
position = Vector2( 1944.38, 0 )
scale = Vector2( -1, 1 )
curve = SubResource( 37 )
script = ExtResource( 17 )
enemies = [ ExtResource( 49 ) ]
enemy_number = 3
speed = 130.0
spawn_enemy_rate = 2.5
are_aimers = true

[node name="Wave53" type="Node" parent="."]
script = ExtResource( 16 )
__meta__ = {
"_edit_horizontal_guides_": [ 540.852 ],
"_edit_vertical_guides_": [ 959.523 ]
}

[node name="Pattern84" type="Path2D" parent="Wave53" instance=ExtResource( 5 )]
visible = false
curve = SubResource( 36 )
script = ExtResource( 17 )
enemies = [ ExtResource( 38 ) ]
enemy_number = 3
speed = 130.0
spawn_enemy_rate = 2.5
are_aimers = true

[node name="Pattern85" type="Path2D" parent="Wave53" instance=ExtResource( 3 )]
visible = false
position = Vector2( 1944.38, 0 )
scale = Vector2( -1, 1 )
curve = SubResource( 37 )
script = ExtResource( 17 )
enemies = [ ExtResource( 55 ) ]
enemy_number = 4
speed = 350.0
spawn_enemy_rate = 3.2
are_aimers = true

[node name="Wave24" type="Node" parent="."]
script = ExtResource( 16 )
__meta__ = {
"_edit_horizontal_guides_": [ 540.852 ],
"_edit_vertical_guides_": [ 959.523 ]
}

[node name="Pattern87" type="Path2D" parent="Wave24" instance=ExtResource( 20 )]
visible = false
position = Vector2( 0, -156.683 )
curve = SubResource( 38 )
script = ExtResource( 14 )
enemies = [ ExtResource( 68 ) ]
enemy_number = 2
speed = 400.0

[node name="Pattern89" type="Path2D" parent="Wave24"]
visible = false
position = Vector2( -65.0538, -279.72 )
curve = SubResource( 39 )
script = ExtResource( 14 )
enemies = [ ExtResource( 68 ) ]
enemy_number = 2
speed = 400.0

[node name="Pattern88" type="Path2D" parent="Wave24"]
visible = false
position = Vector2( 1916.83, -156.683 )
scale = Vector2( -1, 1 )
curve = SubResource( 39 )
script = ExtResource( 14 )
enemies = [ ExtResource( 68 ) ]
enemy_number = 2
speed = 400.0

[node name="Pattern91" type="Path2D" parent="Wave24" instance=ExtResource( 20 )]
visible = false
position = Vector2( 97.544, -23.8214 )
curve = SubResource( 38 )
script = ExtResource( 14 )
enemies = [ ExtResource( 68 ) ]
enemy_number = 2
speed = 400.0

[node name="Pattern92" type="Path2D" parent="Wave24"]
visible = false
position = Vector2( 1790.7, -23.8214 )
scale = Vector2( -1, 1 )
curve = SubResource( 39 )
script = ExtResource( 14 )
enemies = [ ExtResource( 68 ) ]
enemy_number = 2
speed = 400.0

[node name="Pattern90" type="Path2D" parent="Wave24"]
visible = false
position = Vector2( 1980.47, -281.134 )
scale = Vector2( -1, 1 )
curve = SubResource( 39 )
script = ExtResource( 14 )
enemies = [ ExtResource( 68 ) ]
enemy_number = 2
speed = 400.0

[node name="Wave43" type="Node" parent="."]
script = ExtResource( 16 )
__meta__ = {
"_edit_horizontal_guides_": [ 540.852 ],
"_edit_vertical_guides_": [ 959.523 ]
}

[node name="Pattern35" type="Path2D" parent="Wave43" instance=ExtResource( 9 )]
visible = false
position = Vector2( 12.4766, 106.066 )
curve = SubResource( 23 )
script = ExtResource( 15 )
enemies = [ ExtResource( 46 ) ]

[node name="Pattern49" type="Path2D" parent="Wave43" instance=ExtResource( 12 )]
visible = false
position = Vector2( 394.912, 196.656 )
curve = SubResource( 24 )
script = ExtResource( 15 )
enemies = [ ExtResource( 69 ) ]

[node name="Wave54" type="Node" parent="."]
script = ExtResource( 16 )
__meta__ = {
"_edit_horizontal_guides_": [ 540.852 ],
"_edit_vertical_guides_": [ 959.523 ]
}

[node name="Pattern35" type="Path2D" parent="Wave54" instance=ExtResource( 9 )]
visible = false
position = Vector2( 12.4766, 38.7943 )
curve = SubResource( 23 )
script = ExtResource( 15 )
enemies = [ ExtResource( 65 ) ]
speed = 350.0
cuadrant = 5

[node name="Pattern67" type="Path2D" parent="Wave54" instance=ExtResource( 8 )]
visible = false
position = Vector2( 1918.11, 0 )
scale = Vector2( -1, 1 )
curve = SubResource( 22 )
script = ExtResource( 17 )
enemies = [ ExtResource( 38 ) ]
speed = 120.0
spawn_enemy_rate = 4.0
are_aimers = true
is_stopper = true

[node name="Wave55" type="Node" parent="."]
script = ExtResource( 16 )
__meta__ = {
"_edit_horizontal_guides_": [ 540.852 ],
"_edit_vertical_guides_": [ 959.523 ]
}

[node name="Pattern35" type="Path2D" parent="Wave55" instance=ExtResource( 9 )]
visible = false
position = Vector2( 12.4766, 106.066 )
curve = SubResource( 23 )
script = ExtResource( 15 )
enemies = [ ExtResource( 65 ) ]
speed = 350.0
cuadrant = 1

[node name="Pattern49" type="Path2D" parent="Wave55" instance=ExtResource( 12 )]
visible = false
position = Vector2( 394.912, 71.1761 )
curve = SubResource( 24 )
script = ExtResource( 15 )
enemies = [ ExtResource( 44 ) ]
speed = 350.0
cuadrant = 4

[node name="Wave44" type="Node" parent="."]
script = ExtResource( 16 )
__meta__ = {
"_edit_horizontal_guides_": [ 540.852 ],
"_edit_vertical_guides_": [ 959.523 ]
}

[node name="Pattern88" type="Path2D" parent="Wave44" instance=ExtResource( 22 )]
visible = false
curve = SubResource( 40 )
script = ExtResource( 14 )
enemies = [ ExtResource( 38 ) ]
enemy_number = 2
speed = 160.0
are_aimers = true

[node name="Pattern90" type="Path2D" parent="Wave44" instance=ExtResource( 22 )]
visible = false
position = Vector2( 1990.68, 0 )
scale = Vector2( -1, 1 )
curve = SubResource( 40 )
script = ExtResource( 14 )
enemies = [ ExtResource( 38 ) ]
enemy_number = 2
speed = 160.0
are_aimers = true

[node name="Wave45" type="Node" parent="."]
script = ExtResource( 16 )
__meta__ = {
"_edit_horizontal_guides_": [ 540.852 ],
"_edit_vertical_guides_": [ 959.523 ]
}

[node name="Pattern89" type="Path2D" parent="Wave45" instance=ExtResource( 21 )]
visible = false
curve = SubResource( 41 )
script = ExtResource( 17 )
enemies = [ ExtResource( 38 ) ]
enemy_number = 4
speed = 110.0
spawn_enemy_rate = 3.0
are_aimers = true
is_stopper = true

[node name="Wave46" type="Node" parent="."]
script = ExtResource( 16 )
__meta__ = {
"_edit_horizontal_guides_": [ 540.852 ],
"_edit_vertical_guides_": [ 959.523 ]
}

[node name="Pattern" type="Path2D" parent="Wave46"]
visible = false
curve = SubResource( 42 )
script = ExtResource( 15 )
enemies = [ ExtResource( 56 ) ]
speed = 50.0

[node name="Pattern2" type="Path2D" parent="Wave46"]
visible = false
position = Vector2( 263.509, 0 )
curve = SubResource( 42 )
script = ExtResource( 15 )
enemies = [ ExtResource( 69 ) ]
speed = 50.0

[node name="Wave56" type="Node" parent="."]
script = ExtResource( 16 )
__meta__ = {
"_edit_horizontal_guides_": [ 540.852 ],
"_edit_vertical_guides_": [ 959.523 ]
}

[node name="Pattern" type="Path2D" parent="Wave56"]
visible = false
curve = SubResource( 42 )
script = ExtResource( 15 )
enemies = [ ExtResource( 65 ) ]
speed = 400.0
are_aimers = true
cuadrant = 1

[node name="Pattern2" type="Path2D" parent="Wave56"]
visible = false
position = Vector2( 263.509, 0 )
curve = SubResource( 42 )
script = ExtResource( 15 )
enemies = [ ExtResource( 44 ) ]
speed = 400.0
are_aimers = true
cuadrant = 4

[node name="Wave47" type="Node" parent="."]
script = ExtResource( 16 )
__meta__ = {
"_edit_horizontal_guides_": [ 540.852 ],
"_edit_vertical_guides_": [ 959.523 ]
}

[node name="Pattern" type="Path2D" parent="Wave47"]
visible = false
position = Vector2( 16.9706, 0 )
curve = SubResource( 43 )
script = ExtResource( 14 )
enemies = [ ExtResource( 43 ) ]
speed = 220.0
are_aimers = true

[node name="Pattern2" type="Path2D" parent="Wave47"]
visible = false
position = Vector2( 16.9706, 194.887 )
curve = SubResource( 43 )
script = ExtResource( 14 )
enemies = [ ExtResource( 68 ) ]
speed = 400.0

[node name="Pattern3" type="Path2D" parent="Wave47"]
visible = false
position = Vector2( 1899.29, 0 )
scale = Vector2( -1, 1 )
curve = SubResource( 43 )
script = ExtResource( 14 )
enemies = [ ExtResource( 43 ) ]
speed = 220.0
are_aimers = true

[node name="Pattern4" type="Path2D" parent="Wave47"]
visible = false
position = Vector2( 1899.29, 194.887 )
scale = Vector2( -1, 1 )
curve = SubResource( 43 )
script = ExtResource( 14 )
enemies = [ ExtResource( 68 ) ]
speed = 450.0

[node name="Wave48" type="Node" parent="."]
script = ExtResource( 16 )
__meta__ = {
"_edit_horizontal_guides_": [ 540.852 ],
"_edit_vertical_guides_": [ 959.523 ]
}

[node name="Pattern90" type="Path2D" parent="Wave48" instance=ExtResource( 45 )]
visible = false
curve = SubResource( 44 )
script = ExtResource( 19 )
enemies = [ ExtResource( 43 ) ]
speed = 300.0
are_aimers = true
cuadrant = 3

[node name="Pattern91" type="Path2D" parent="Wave48" instance=ExtResource( 45 )]
visible = false
position = Vector2( 1919.18, 64.6273 )
scale = Vector2( -1, 1 )
curve = SubResource( 44 )
script = ExtResource( 19 )
enemies = [ ExtResource( 43 ) ]
speed = 300.0
are_aimers = true
cuadrant = 12

[node name="Wave49" type="Node" parent="."]
script = ExtResource( 16 )
__meta__ = {
"_edit_horizontal_guides_": [ 540.852 ],
"_edit_vertical_guides_": [ 959.523 ]
}

[node name="Pattern7" type="Path2D" parent="Wave49" instance=ExtResource( 40 )]
visible = false
position = Vector2( 58.9153, 0 )
curve = SubResource( 30 )
script = ExtResource( 17 )
enemies = [ ExtResource( 43 ) ]
enemy_number = 4
spawn_enemy_rate = 4.0

[node name="Pattern75" type="Path2D" parent="Wave49" instance=ExtResource( 47 )]
visible = false
position = Vector2( 193.03, 0 )
curve = SubResource( 45 )
script = ExtResource( 14 )
enemies = [ ExtResource( 38 ) ]
enemy_number = 2
speed = 100.0
spawn_enemy_rate = 5.0
are_aimers = true
is_stopper = true

[node name="Wave50" type="Node" parent="."]
script = ExtResource( 16 )
__meta__ = {
"_edit_horizontal_guides_": [ 540.852 ],
"_edit_vertical_guides_": [ 959.523 ]
}

[node name="Pattern18" type="Path2D" parent="Wave50" instance=ExtResource( 67 )]
visible = false
position = Vector2( 1919.5, -79.0443 )
scale = Vector2( -1, 1 )
curve = SubResource( 12 )
script = ExtResource( 17 )
enemies = [ ExtResource( 62 ) ]
enemy_number = 4
speed = 400.0
spawn_enemy_rate = 2.5

[node name="Pattern" type="Path2D" parent="Wave50"]
visible = false
curve = SubResource( 46 )
script = ExtResource( 15 )
enemies = [ ExtResource( 69 ) ]
speed = 50.0

[node name="Wave51" type="Node" parent="."]
script = ExtResource( 16 )
__meta__ = {
"_edit_horizontal_guides_": [ 540.852 ],
"_edit_vertical_guides_": [ 959.523 ]
}

[node name="Pattern25" type="Path2D" parent="Wave51" instance=ExtResource( 26 )]
visible = false
position = Vector2( 13.3785, 0 )
curve = SubResource( 47 )
script = ExtResource( 15 )
enemies = [ ExtResource( 68 ) ]
speed = 400.0

[node name="Pattern26" type="Path2D" parent="Wave51" instance=ExtResource( 29 )]
visible = false
position = Vector2( 204.26, -38.6812 )
curve = SubResource( 48 )
script = ExtResource( 15 )
enemies = [ ExtResource( 68 ) ]
speed = 450.0

[node name="Pattern27" type="Path2D" parent="Wave51" instance=ExtResource( 28 )]
visible = false
position = Vector2( 397.941, 0 )
curve = SubResource( 49 )
script = ExtResource( 15 )
enemies = [ ExtResource( 68 ) ]
speed = 500.0

[node name="Pattern28" type="Path2D" parent="Wave51" instance=ExtResource( 24 )]
visible = false
position = Vector2( 461.181, 0 )
curve = SubResource( 50 )
script = ExtResource( 15 )
enemies = [ ExtResource( 68 ) ]
speed = 550.0

[node name="Pattern29" type="Path2D" parent="Wave51" instance=ExtResource( 25 )]
visible = false
position = Vector2( -48.9167, 0 )
curve = SubResource( 51 )
script = ExtResource( 15 )
enemies = [ ExtResource( 68 ) ]
speed = 600.0

[node name="Pattern30" type="Path2D" parent="Wave51" instance=ExtResource( 27 )]
visible = false
position = Vector2( 204.26, 205.292 )
curve = SubResource( 52 )
script = ExtResource( 15 )
enemies = [ ExtResource( 68 ) ]
speed = 650.0

[node name="Wave18" type="Node" parent="."]
script = ExtResource( 16 )
__meta__ = {
"_edit_horizontal_guides_": [ 540.852 ],
"_edit_vertical_guides_": [ 959.523 ]
}

[node name="Pattern78" type="Path2D" parent="Wave18" instance=ExtResource( 36 )]
visible = false
position = Vector2( 1796, -202.55 )
scale = Vector2( -1, 1 )
curve = SubResource( 53 )
script = ExtResource( 14 )
enemies = [ ExtResource( 52 ) ]
speed = 110.0
are_aimers = true

[node name="Wave19" type="Node" parent="."]
script = ExtResource( 16 )
__meta__ = {
"_edit_horizontal_guides_": [ 540.852 ],
"_edit_vertical_guides_": [ 959.523 ]
}

[node name="Pattern75" type="Path2D" parent="Wave19" instance=ExtResource( 47 )]
visible = false
position = Vector2( 193.03, 0 )
curve = SubResource( 45 )
script = ExtResource( 14 )
enemies = [ ExtResource( 49 ) ]
enemy_number = 2
speed = 140.0
are_aimers = true

[node name="Pattern76" type="Path2D" parent="Wave19" instance=ExtResource( 57 )]
visible = false
position = Vector2( 1727.49, 0 )
scale = Vector2( -1, 1 )
curve = SubResource( 54 )
script = ExtResource( 14 )
enemies = [ ExtResource( 38 ) ]
enemy_number = 2
speed = 140.0
are_aimers = true

[node name="Wave52" type="Node" parent="."]
script = ExtResource( 16 )
__meta__ = {
"_edit_horizontal_guides_": [ 540.852 ],
"_edit_vertical_guides_": [ 959.523 ]
}

[node name="Pattern" type="Path2D" parent="Wave52"]
visible = false
curve = SubResource( 55 )
script = ExtResource( 15 )
enemies = [ ExtResource( 52 ) ]
speed = 130.0
are_aimers = true

[node name="Wave57" type="Node" parent="."]
script = ExtResource( 16 )
__meta__ = {
"_edit_horizontal_guides_": [ 540.852 ],
"_edit_vertical_guides_": [ 959.523 ]
}

[node name="Pattern" type="Path2D" parent="Wave57"]
visible = false
position = Vector2( 1922.64, 0 )
scale = Vector2( -1, 1 )
curve = SubResource( 56 )
script = ExtResource( 15 )
enemies = [ ExtResource( 41 ) ]
speed = 140.0
are_aimers = true

[node name="Wave58" type="Node" parent="."]
script = ExtResource( 16 )
__meta__ = {
"_edit_horizontal_guides_": [ 540.852 ],
"_edit_vertical_guides_": [ 959.523 ]
}

[node name="Pattern" type="Path2D" parent="Wave58"]
visible = false
position = Vector2( 30.7014, -38.7103 )
curve = SubResource( 57 )
script = ExtResource( 15 )
enemies = [ ExtResource( 52 ) ]
speed = 160.0
are_aimers = true

[node name="Pattern2" type="Path2D" parent="Wave58"]
visible = false
position = Vector2( 1889.13, -38.7103 )
scale = Vector2( -1, 1 )
curve = SubResource( 57 )
script = ExtResource( 15 )
enemies = [ ExtResource( 48 ) ]
speed = 110.0
are_aimers = true

[node name="Wave59" type="Node" parent="."]
script = ExtResource( 16 )
__meta__ = {
"_edit_horizontal_guides_": [ 540.852 ],
"_edit_vertical_guides_": [ 959.523 ]
}

[node name="Pattern" type="Path2D" parent="Wave59"]
visible = false
position = Vector2( 30.7014, -38.7103 )
curve = SubResource( 57 )
script = ExtResource( 15 )
enemies = [ ExtResource( 48 ) ]
speed = 160.0
are_aimers = true

[node name="Pattern2" type="Path2D" parent="Wave59"]
visible = false
position = Vector2( 1889.13, -38.7103 )
scale = Vector2( -1, 1 )
curve = SubResource( 57 )
script = ExtResource( 15 )
enemies = [ ExtResource( 41 ) ]
speed = 110.0
are_aimers = true
