[gd_scene load_steps=12 format=2]

[ext_resource path="res://assets/enemies/extras/warp/Warp_effect_ 4.png" type="Texture" id=1]
[ext_resource path="res://assets/enemies/extras/warp/Warp_effect_ 3.png" type="Texture" id=2]
[ext_resource path="res://assets/enemies/extras/warp/Warp_effect_ 8.png" type="Texture" id=3]
[ext_resource path="res://assets/enemies/extras/warp/Warp_effect_ 1.png" type="Texture" id=4]
[ext_resource path="res://assets/enemies/extras/warp/Warp_effect_ 7.png" type="Texture" id=5]
[ext_resource path="res://assets/enemies/extras/warp/Warp_effect_ 6.png" type="Texture" id=6]
[ext_resource path="res://assets/enemies/extras/warp/Warp_effect_ 5.png" type="Texture" id=7]
[ext_resource path="res://assets/enemies/extras/warp/Warp_effect_ 2.png" type="Texture" id=8]

[sub_resource type="SpriteFrames" id=1]
animations = [ {
"frames": [  ],
"loop": false,
"name": "default",
"speed": 5.0
}, {
"frames": [ ExtResource( 4 ), ExtResource( 8 ), ExtResource( 2 ), ExtResource( 1 ), ExtResource( 7 ), ExtResource( 6 ), ExtResource( 5 ), ExtResource( 3 ) ],
"loop": false,
"name": "warp",
"speed": 16.0
} ]

[sub_resource type="Animation" id=2]
resource_name = "init"
length = 0.01
tracks/0/type = "value"
tracks/0/path = NodePath(".:animation")
tracks/0/interp = 1
tracks/0/loop_wrap = true
tracks/0/imported = false
tracks/0/enabled = true
tracks/0/keys = {
"times": PoolRealArray( 0 ),
"transitions": PoolRealArray( 1 ),
"update": 1,
"values": [ "default" ]
}
tracks/1/type = "value"
tracks/1/path = NodePath(".:playing")
tracks/1/interp = 1
tracks/1/loop_wrap = true
tracks/1/imported = false
tracks/1/enabled = true
tracks/1/keys = {
"times": PoolRealArray( 0 ),
"transitions": PoolRealArray( 1 ),
"update": 1,
"values": [ false ]
}
tracks/2/type = "value"
tracks/2/path = NodePath(".:visible")
tracks/2/interp = 1
tracks/2/loop_wrap = true
tracks/2/imported = false
tracks/2/enabled = true
tracks/2/keys = {
"times": PoolRealArray( 0 ),
"transitions": PoolRealArray( 1 ),
"update": 1,
"values": [ false ]
}

[sub_resource type="Animation" id=3]
resource_name = "warp"
length = 0.4
step = 0.05
tracks/0/type = "value"
tracks/0/path = NodePath(".:animation")
tracks/0/interp = 1
tracks/0/loop_wrap = true
tracks/0/imported = false
tracks/0/enabled = true
tracks/0/keys = {
"times": PoolRealArray( 0 ),
"transitions": PoolRealArray( 1 ),
"update": 1,
"values": [ "warp" ]
}
tracks/1/type = "value"
tracks/1/path = NodePath(".:frame")
tracks/1/interp = 1
tracks/1/loop_wrap = true
tracks/1/imported = false
tracks/1/enabled = true
tracks/1/keys = {
"times": PoolRealArray( 0 ),
"transitions": PoolRealArray( 1 ),
"update": 1,
"values": [ 0 ]
}
tracks/2/type = "value"
tracks/2/path = NodePath(".:visible")
tracks/2/interp = 1
tracks/2/loop_wrap = true
tracks/2/imported = false
tracks/2/enabled = true
tracks/2/keys = {
"times": PoolRealArray( 0, 0.4 ),
"transitions": PoolRealArray( 1, 1 ),
"update": 1,
"values": [ true, false ]
}
tracks/3/type = "value"
tracks/3/path = NodePath(".:playing")
tracks/3/interp = 1
tracks/3/loop_wrap = true
tracks/3/imported = false
tracks/3/enabled = true
tracks/3/keys = {
"times": PoolRealArray( 0 ),
"transitions": PoolRealArray( 1 ),
"update": 1,
"values": [ true ]
}

[node name="TeleportRing" type="AnimatedSprite"]
frames = SubResource( 1 )
animation = "warp"
frame = 7
playing = true

[node name="AnimationPlayer" type="AnimationPlayer" parent="."]
autoplay = "init"
anims/init = SubResource( 2 )
anims/warp = SubResource( 3 )
