[gd_scene load_steps=9 format=2]

[ext_resource path="res://game/enemies/EnemyBase.tscn" type="PackedScene" id=1]
[ext_resource path="res://game/enemies/EnemyKamikaze.gd" type="Script" id=2]

[sub_resource type="Gradient" id=1]
offsets = PoolRealArray( 0, 0.995516 )
colors = PoolColorArray( 1, 1, 1, 0.705882, 0, 0, 0, 0.188235 )

[sub_resource type="GradientTexture" id=2]
gradient = SubResource( 1 )

[sub_resource type="Curve" id=3]
_data = [ Vector2( 0, 1 ), 0.0, -0.836319, 0, 0, Vector2( 1, 0 ), -1.09339, 0.0, 0, 0 ]

[sub_resource type="CurveTexture" id=4]
curve = SubResource( 3 )

[sub_resource type="ParticlesMaterial" id=5]
resource_local_to_scene = true
flag_disable_z = true
direction = Vector3( 0, 100, 0 )
spread = 0.0
gravity = Vector3( 0, 0, 0 )
initial_velocity = 400.0
orbit_velocity = 0.0
orbit_velocity_random = 0.0
scale_curve = SubResource( 4 )
color_ramp = SubResource( 2 )

[sub_resource type="CircleShape2D" id=6]
radius = 142.676

[node name="EnemyKamikaze" instance=ExtResource( 1 )]
script = ExtResource( 2 )

[node name="ExplosionFire2" parent="." index="4"]
scale = Vector2( 1.3, 1.3 )

[node name="Motor" parent="." index="7"]
process_material = SubResource( 5 )

[node name="PlayerDestroyer" type="Area2D" parent="." index="8"]
collision_layer = 0

[node name="CollisionShape2D" type="CollisionShape2D" parent="PlayerDestroyer" index="0"]
shape = SubResource( 6 )
disabled = true

[node name="Tween" type="Tween" parent="." index="9"]

[node name="TimerDestroyer" type="Timer" parent="." index="11"]
wait_time = 0.2
one_shot = true

[node name="TimerStopper" type="Timer" parent="." index="12"]
wait_time = 1.5
one_shot = true
[connection signal="body_entered" from="PlayerDestroyer" to="." method="_on_PlayerDestroyer_body_entered"]
[connection signal="tween_completed" from="Tween" to="." method="_on_Tween_tween_completed"]
[connection signal="timeout" from="TimerDestroyer" to="." method="_on_TimerDestroyer_timeout"]
[connection signal="timeout" from="TimerStopper" to="." method="_on_TimerStopper_timeout"]

[editable path="ExplosionFire2"]
